<?xml version="1.0" encoding="UTF-8"?><collection xmlns="http://www.loc.gov/MARC21/slim"><record><leader>00473nam--2200181-i-4500</leader><controlfield tag="001">000020838</controlfield><controlfield tag="002">20161230</controlfield><controlfield tag="005">20170106003141</controlfield><controlfield tag="008">060222s1000------------r-----000-0-eng-d</controlfield><datafield ind1=" " ind2=" " tag="080"><subfield code="a">512.5</subfield></datafield><datafield ind1=" " ind2=" " tag="100"><subfield code="a">Conner, P. E</subfield></datafield><datafield ind1=" " ind2=" " tag="245"><subfield code="a">A survey of trace froms of algebraic number fields</subfield></datafield><datafield ind1=" " ind2=" " tag="260"><subfield code="a">Singapore</subfield><subfield code="b">World Scientific</subfield><subfield code="c">1984</subfield></datafield><datafield ind1=" " ind2=" " tag="300"><subfield code="a">IX + 316 p</subfield></datafield><datafield ind1=" " ind2=" " tag="490"><subfield code="a">Series In Pure Mathematics</subfield></datafield><datafield ind1=" " ind2=" " tag="700"><subfield code="a">Perlis, R</subfield></datafield><datafield ind1=" " ind2=" " tag="852"><subfield code="a">79465</subfield></datafield><datafield ind1=" " ind2=" " tag="CAT"><subfield code="a">SYS</subfield><subfield code="c">20170106</subfield><subfield code="h">003141</subfield></datafield></record></collection>